
@article{rabiner_tutorial_1989,
  author = {Lawrence R. Rabiner},
  title = {A Tutorial on Hidden {{Markov}} Models and Selected Applications in Speech Recognition},
  year = {1989},
  journal= {Proceedings of the IEEE},
  number = {2},
  volume = {77},
  pages = {257--286},
}
